@misc{history.of.zero,
	howpublished={\url{https://mathshistory.st-andrews.ac.uk/HistTopics/Zero/}},
	title={A history of {Z}ero},
	publisher={MacTutor},
	author={J. J. O'Connor and E. F. Robertson},
	year={2000},
	month={November},
	note={Accessed 25 April 2021.}}

@misc{russel.paradox,
	howpublished={\url{https://plato.stanford.edu/entries/russell-paradox/#RPCL}},
	title={Russel's Paradox},
	publisher={Stanford Encyclopedia of Philosophy},
	year={2020},
	month={October},
	note={Accessed 26 April 2021.},
	author={Irvine, Andrew David and Harry Deutsch}}